@book{gctsxyl,
  author={任晓丹 and 冯德成},
  title={工程弹塑性力学引论},
  address={北京},
  publisher={科学出版社},
  year={2023}
}

@book{txysxlx,
  author={陈惠发 and A.F.萨里普},
  title={弹性与塑性力学},
  address={北京},
  publisher={中国建筑工业出版社},
  year={2003}
}
